@phdthesis{Leskovec2008,
author = {Leskovec, Jure},
pages = {384},
title = {{Dynamic of Large Networks}},
year = {2008}
}


@techreport{Leskovec2011b,
author = {Leskovec, Jure},
booktitle = {ACM SIGMOD},
title = {{Social Media Analysis - Rich Interactions}},
year = {2011}
}

@techreport{Leskovec2011a,
author = {Leskovec, Jure},
booktitle = {ACM SIGMOD},
title = {{Social Media Analysis - Information Flow}},
year = {2011}
}


@article{Kwak2010,
author = {Kwak, Haewoon and Lee, Changhyun and Park, Hosung and Moon, Sue},
isbn = {9781605587998},
journal = {WWW2010},
title = {{What is Twitter , a Social Network or a News Media ?}},
year = {2010}
}

@book{Brucker,
author = {Brucker, Peter},
booktitle = {New York},
year = {2007},
file = {:E$\backslash$:/A\_SResearch/Paper/Brucker/New York/Unknown\_Brucker\_Scheduling Algorithms.pdf:pdf},
isbn = {9783540695158},
title = {{Scheduling Algorithms}}
}


@misc{JICT,
Author = {JICT},
title ={Bí mật về năng lượng Google sử dụng},
year = "2011",
howpublished={\url{http://www.tapchibcvt.gov.vn/News/PrintView.aspx?ID=24678}}
}

